@misc{VibroSnow,
  author       = {Jérôme Amos and Fabien Matter},
  title        = {Projet parent VibroSnow, détectant la neige par Computer Vision et Ultrason},
  year         = {2021}
}

@techreport{SnowTimeLapse,
  author      = {Kevin S. J. Brown and Steven R. Fassnacht},
  institution = {Colorado State University, Departement of Ecosystem Science and Sustainability},
  title       = {Snow Depth Measurement via Time Lapse Photography and Automated Image Recognition},
  year        = {2019},
  url         = {https://static1.squarespace.com/static/52a10a08e4b05a96c777d05a/t/5fa19a903ad19b1b4c1d9331/1604426392069/CR233.pdf},
  addendum    = {(last accessed: 20 January 2022)}
}