@misc{VibroSnow,
  author       = {Jérôme Amos and Fabien Matter},
  title        = {Projet parent VibroSnow, détectant la neige par Computer Vision et Ultrason},
  year         = {2021}
}